<?xml version="1.0" encoding="UTF-8"?><collection xmlns="http://www.loc.gov/MARC21/slim"><record><leader>00455nam--2200145-i-4500</leader><controlfield tag="001">000029876</controlfield><controlfield tag="002">20161230</controlfield><controlfield tag="005">20161230201037</controlfield><controlfield tag="008">060222s1000------------r-----000-0-eng-d</controlfield><datafield ind1=" " ind2=" " tag="080"><subfield code="a">621.375.826(043)</subfield></datafield><datafield ind1=" " ind2=" " tag="100"><subfield code="a">Lu Van, Minh</subfield></datafield><datafield ind1=" " ind2=" " tag="245"><subfield code="a">Interaction du rayonnement d`un laser au neodyme avec de l`hydrogene atomique et moleculaire. /these</subfield></datafield><datafield ind1=" " ind2=" " tag="260"><subfield code="a">Orsay, Faculte Des Sciences D`Orsay, 1972, 16p.+ 7 Fig</subfield></datafield><datafield ind1=" " ind2=" " tag="490"><subfield code="a">Article Principal</subfield></datafield><datafield ind1=" " ind2=" " tag="852"><subfield code="a">40383</subfield></datafield></record></collection>